<?xml version="1.0" encoding="UTF-8"?><collection xmlns="http://www.loc.gov/MARC21/slim"><record><leader>00540nam--2200193-i-4500</leader><controlfield tag="001">000016489</controlfield><controlfield tag="002">20161230</controlfield><controlfield tag="005">20170108211635</controlfield><controlfield tag="008">060222s1000------------r-----000-0-eng-d</controlfield><datafield ind1=" " ind2=" " tag="040"><subfield code="a">IFIN-HH</subfield></datafield><datafield ind1=" " ind2=" " tag="080"><subfield code="a">530.145.61:535</subfield></datafield><datafield ind1="1" ind2=" " tag="100"><subfield code="a">Abdullaev, F</subfield></datafield><datafield ind1="1" ind2="0" tag="245"><subfield code="a">Optical solitons</subfield><subfield code="c">F. Abdullaev; S. Darmanyan; P. Khabibullaev</subfield></datafield><datafield ind1=" " ind2=" " tag="260"><subfield code="a">Budapest</subfield><subfield code="b">Springer- Verlag</subfield><subfield code="c">1993</subfield></datafield><datafield ind1=" " ind2=" " tag="300"><subfield code="a">VIII + 191 p</subfield></datafield><datafield ind1=" " ind2=" " tag="490"><subfield code="a">Springer Series In Nonlinear Dynamics</subfield></datafield><datafield ind1="1" ind2=" " tag="700"><subfield code="a">Khabibullaev, P</subfield></datafield><datafield ind1=" " ind2=" " tag="852"><subfield code="a">80371</subfield><subfield code="c">535</subfield></datafield><datafield ind1=" " ind2=" " tag="CAT"><subfield code="a">SYS</subfield><subfield code="c">20170108</subfield><subfield code="h">211635</subfield></datafield></record></collection>